@book{allgower_numerical_1990,
	title = {Numerical continuation methods: an introduction},
	shorttitle = {Numerical continuation methods},
	publisher = {{Springer-Verlag} New York, Inc. New York, {NY,} {USA}},
	author = {E. L Allgower and K. Georg},
	year = {1990}
},

@article{aragon_turing_2002,
	title = {Turing patterns with pentagonal symmetry},
	volume = {65},
	journal = {Physical Review E},
	author = {J. L. Arag\'{o}n and M. Torres and D. Gil and R. A. Barrio and P. K. Maini},
	year = {2002},
	pages = {51913}
},

@article{aragon_spatial_1998,
	title = {Spatial patterning in modified Turing systems: Application to pigmentation patterns on marine fish},
	volume = {13},
	journal = {Forma},
	author = {J. L. Aragon and C. Varea and R. A. Barrio and P. K. Maini},
	year = {1998},
	pages = {213-221}
},

@article{arcuri_pattern_1986,
	title = {Pattern sensitivity to boundary and initial conditions in reaction-diffusion models},
	volume = {24},
	journal = {Journal of Mathematical Biology},
	author = {P. Arcuri and J. D. Murray},
	year = {1986},
	pages = {141-165}
},

@article{barrass_mode_2006,
	title = {Mode Transitions in a Model Reaction{\textendash}Diffusion System Driven by Domain Growth and Noise},
	volume = {68},
	journal = {Bulletin of Mathematical Biology},
	author = {I. Barrass and E. J. Crampin and P. K. Maini},
	year = {2006},
	pages = {981-995}
},

@article{barrio_two-d_1999,
	title = {A two-dimensional numerical study of spatial pattern formation in interacting Turing systems},
	volume = {61},
	journal = {Bulletin of Mathematical Biology},
	author = {R. A. Barrio and C. Varea and J. L. Arag\'{o}n and P. K. Maini},
	year = {1999},
	pages = {483-505}
},

@article{berglund_memory_1999,
	title = {Memory effects and scaling laws in slowly driven systems},
	volume = {32},
	journal = {Journal of Physics A: Mathematical and General},
	author = {N. Berglund and H. Kunz},
	year = {1999},
	pages = {15–39}
},

@article{berrut_barycentric_2004,
	title = {Barycentric lagrange interpolation},
	volume = {46},
	number = {3},
	journal = {Siam Review},
	author = {J. P Berrut and L. N Trefethen},
	year = {2004},
	pages = {501–517}
},

@article{boatto_curvature_2008,
	title = {Curvature perturbations and stability of a ring of vortices},
	volume = {10},
	number = {2-3},
	journal = {Discrete and continuous dynamical systems. Series B},
	author = {S. Boatto},
	year = {2008}
},

@article{boatto_nonlinear_2003,
	title = {Nonlinear stability of a latitudinal ring of point-vortices on a nonrotating sphere},
	volume = {64},
	number = {1},
	journal = {{SIAM} Journal on Applied Mathematics},
	author = {S. Boatto and H. E Cabral},
	year = {2003},
	pages = {216–230}
},

@article{chaplain_spatio-temporal_2001,
	title = {Spatio-temporal pattern formation on spherical surfaces: numerical simulation and application to solid tumour growth},
	volume = {42},
	shorttitle = {Spatio-temporal pattern formation on spherical surfaces},
	number = {5},
	journal = {Journal of Mathematical Biology},
	author = {M. A. J. Chaplain and M. Ganesh and I. G. Graham},
	year = {2001},
	pages = {387–423}
},

@article{coombs_diffusionsphere_2009,
	title = {Diffusion on a Sphere with Localized Traps: Mean First Passage Time, Eigenvalue Asymptotics, and Fekete Points},
	volume = {70},
	shorttitle = {Diffusion on a Sphere with Localized Traps},
	number = {1},
	journal = {{SIAM} J. Appl. Math},
	author = {D. Coombs and R. Straube and M. J. Ward},
	year = {2009},
	pages = {302–332}
},

@article{crampin_pattern_2002,
	title = {Pattern formation in reaction-diffusion models with nonuniform domain growth},
	volume = {64},
	journal = {Bulletin of Mathematical Biology},
	author = {E. J. Crampin and W. W. Hackborn and P. K. Maini},
	year = {2002},
	pages = {747-769}
},

@article{crampin_reaction_1999,
	title = {Reaction and diffusion on growing domains: Scenarios for robust pattern formation},
	volume = {61},
	journal = {Bulletin of Mathematical Biology},
	author = {E. J. Crampin and E. A. Gaffney and P. K. Maini},
	year = {1999},
	pages = {1093-1120}
},

@article{dhooge_matcont_2003,
	title = {{MATCONT:} a {MATLAB} package for numerical bifurcation analysis of {ODEs}},
	volume = {29},
	shorttitle = {{MATCONT}},
	number = {2},
	journal = {{ACM} Transactions on Mathematical Software {(TOMS)}},
	author = {A. Dhooge and W. Govaerts and Y. A Kuznetsov},
	year = {2003},
	pages = {164}
},

@article{gaffney_gene_2006,
	title = {Gene Expression Time Delays and Turing Pattern Formation Systems},
	volume = {68},
	journal = {Bulletin of Mathematical Biology},
	author = {E. A. Gaffney and N. A. M. Monk},
	year = {2006},
	pages = {99-130}
},

@article{gierer_theory_1972,
	title = {A theory of biological pattern formation},
	volume = {12},
	number = {1},
	journal = {Biological Cybernetics},
	author = {A. Gierer and H. Meinhardt},
	year = {1972},
	pages = {30-39}
},

@article{gjorgjieva_effects_2006,
	title = {The effects of growth and curvature in the formation of Turing patterns},
	author = {J. Gjorgjieva}
},

@phdthesis{gjorgjieva_turing_2006,
	title = {Turing pattern dynamics for spatiotemporal models with growth and curvature},
	school = {PhD Thesis},
	author = {J. Gjorgjieva},
	year = {2006}
},

@article{gjorgjieva_turing_2007,
	title = {TURING PATTERNS ON GROWING SPHERES: THE EXPONENTIAL CASE},
	journal = {Dynamical Systems},
	author = {J. Gjorgjieva and J. Jacobsen},
	year = {2007},
	pages = {436-445}
},

@article{huitfeldt_nonlinear_1991,
	title = {Nonlinear eigenvalue problems: prediction of bifurcation points and branch switching},
	shorttitle = {Nonlinear eigenvalue problems},
	author = {J. Huitfeldt},
	year = {1991}
},

@article{kolokolnikov_self_2007,
	title = {Self-replication of mesa patterns in reaction{\textendash}diffusion systems},
	volume = {236},
	journal = {Physica D: Nonlinear Phenomena},
	author = {T. Kolokolnikov and M. J. Ward and J. Wei},
	year = {2007},
	pages = {104-122}
},

@article{kolokolnikov_existence_2005,
	title = {The existence and stability of spike equilibria in the one-dimensional {Gray–Scott} model: The pulse-splitting regime},
	volume = {202},
	shorttitle = {The existence and stability of spike equilibria in the one-dimensional {Gray–Scott} model},
	number = {3-4},
	journal = {Physica D: Nonlinear Phenomena},
	author = {T. Kolokolnikov and M. J Ward and J. Wei},
	year = {2005},
	pages = {258–293}
},

@article{kolokolnikov_spot_2009,
	title = {Spot {Self-Replication} and Dynamics for the {Schnakenberg} Model in a {Two-Dimensional} Domain},
	volume = {19},
	number = {1},
	journal = {Journal of Nonlinear Science},
	author = {T. Kolokolnikov and M. J. Ward and J. Wei},
	year = {2009},
	pages = {1-56}
},

@article{kolokolnikov_stability_2005,
	title = {The Stability of a Stripe for the Gierer-Meinhardt Model and the Effect of Saturation},
	volume = {5},
	journal = {SIAM J. Appl. Dyn. Sys},
	author = {T. Kolokolnikov and M. J. Ward and J. Wei},
	pages = {313-363}
},

@article{kondo_reaction_1995,
	title = {A reaction--diffusion wave on the skin of the marine angelfish Pomacanthus},
	volume = {376},
	journal = {Nature},
	author = {S. Kondo and R. Asai},
	year = {1995},
	pages = {765-768}
},

@article{levine_membrane-bound_2005,
	title = {Membrane-bound Turing patterns},
	volume = {72},
	number = {6},
	journal = {Physical Review E},
	author = {H. Levine and W. J Rappel},
	year = {2005},
	pages = {61912}
},

@article{macdonald_implicit_2008,
	title = {The implicit Closest Point Method for the numerical solution of partial differential equations on surfaces},
	author = {C. B Macdonald and S. J Ruuth},
	year = {2008}
},

@article{madzvamuse_moving_2003,
	title = {A moving grid finite element method applied to a model biological pattern generator},
	volume = {190},
	number = {2},
	journal = {Journal of Computational Physics},
	author = {A. Madzvamuse and A. J. Wathen and P. K. Maini},
	year = {2003},
	pages = {478-500}
},

@article{madzvamuse_stability_2009,
	title = {Stability analysis of non-autonomous reaction-diffusion systems: the effects of growing domains},
	shorttitle = {Stability analysis of non-autonomous reaction-diffusion systems},
	journal = {Journal of Mathematical Biology},
	author = {A. Madzvamuse and E. A Gaffney and P. K Maini},
	year = {2009}
	pages = {1-32}
},

@book{maxwell1994,
	title = {Periodic and connecting orbits of Hamiltonian systems},
	publisher = {University of {Wisconsin–Madison}},
	author = {T. O Maxwell},
	year = {1994}
},

@article{miura_mixed-mode_2006,
	title = {Mixed-mode pattern in Doublefoot mutant mouse {limb—Turing} reaction–diffusion model on a growing domain during limb development},
	volume = {240},
	number = {4},
	journal = {Journal of theoretical biology},
	author = {T. Miura and K. Shiota and G. {Morriss-Kay} and P. K Maini},
	year = {2006},
	pages = {562-573}
},

@book{murray_mathematical_2003-1,
	title = {Mathematical Biology},
	publisher = {Springer},
	author = {J. D. Murray},
	year = {2003}
},

@book{murray_mathematical_2003-2,
	title = {Mathematical biology. Vol. 2: Spatial models and biomedical applications.},
	publisher = {Interdisciplinary Applied Mathematics},
	author = {J. D. Murray},
	year = {2003}
},

@article{murray_morphogenesis_1990,
	title = {Discussion: Turing's theory of morphogenesis{\textemdash}Its influence on modelling biological pattern and form},
	volume = {52},
	journal = {Bulletin of Mathematical Biology},
	author = {J. D. Murray},
	year = {1990},
	pages = {117-152}
},

@article{nagata_reaction-diffusion_2003,
	title = {Reaction-diffusion models of growing plant tips: bifurcations on hemispheres},
	volume = {65},
	shorttitle = {Reaction-diffusion models of growing plant tips},
	number = {4},
	journal = {Bulletin of mathematical biology},
	author = {W. Nagata and L. G Harrison and S. Wehner},
	year = {2003},
	pages = {571-607}
},

@article{neville_interactions_2006,
	title = {Interactions between pattern formation and domain growth},
	volume = {68},
	number = {8},
	journal = {Bulletin of mathematical biology},
	author = {A. A Neville and P. C Matthews and H. M Byrne},
	year = {2006},
	pages = {1975-2003}
},

@article{novak_diffusioncurved_2007,
	title = {Diffusion on a curved surface coupled to diffusion in the volume: Application to cell biology},
	volume = {226},
	shorttitle = {Diffusion on a curved surface coupled to diffusion in the volume},
	number = {2},
	journal = {Journal of computational physics},
	author = {I. L Novak and F. Gao and Y. S Choi and D. Resasco and J. C Schaff and B. M Slepchenko},
	year = {2007},
	pages = {1271-1290}
},

@article{othmer_intersection_2009,
	title = {The intersection of theory and application in elucidating pattern formation in developmental biology},
	volume = {4},
	number = {4},
	journal = {Mathematical Modelling of Natural Phenomena},
	author = {H. G. Othmer and K. Painter and D. Umulis and C. Xue},
	year = {2009},
	pages = {3-82}
},

@article{painter_models_2000,
	title = {Models for pigment pattern fPomacanthus imperatorormation in the skin of fishes},
	volume = {121},
	journal = {Mathematical Models for Biological Pattern Formation},
	author = {K. J. Painter},
	year = {2000},
	pages = {59-82}
},

@article{painter_stripe_1999,
	title = {Stripe formation in juvenile Pomacanthus explained by a generalized Turing mechanism with chemotaxis},
	volume = {96},
	journal = {Proceedings of the National Academy of Sciences},
	author = {K. J. Painter and P. K. Maini and H. G. Othmer},
	year = {1999},
	pages = {5549}
},


@ARTICLE{plaza2004growth,
	title = {The effect of growth and curvature on pattern formation},
	volume = {16},
	number = {4},
	journal = {Journal of Dynamics and Differential Equations},
	author = {R. G. Plaza and F. S\'{a}nchez {Gardu\~{n}o} and P. Padilla and R. A. Barrio},
	year = {2004},
	pages = {1093-1121},
},

@article{press_numerical_1992,
	title = {Numerical recipes in C: the art of scientific programming},
	shorttitle = {Numerical recipes in C},
	journal = {Cambridge U. Press, Cambridge, England},
	author = {W. H Press and B. P Flannery and S. A Teukolsky and W. T Vetterling},
	year = {1992}
},

@article{ren_spectra_2003,
	title = {On the spectra of three-dimensional lamellar solutions of the diblock copolymer problem},
	volume = {35},
	journal = {{SIAM} Journal on Mathematical Analysis},
	author = {X. Ren and J. Wei},
	year = {2003},
	pages = {1}
},

@article{ruuth_simple_2007,
	title = {A simple embedding method for solving partial differential equations on surfaces},
	journal = {Journal of Computational Physics},
	author = {S. J. Ruuth and B. Merriman},
	year = {2007}
},

@article{schnakenberg_simple_1979,
	title = {Simple chemical reaction systems with limit cycle behaviour.},
	volume = {81},
	number = {3},
	journal = {Journal of Theoretical Biology},
	author = {J. Schnakenberg},
	year = {1979},
	pages = {389-400}
}

@article{stortelder_finding_2001,
	title = {Finding elliptic Fekete points sets: two numerical solution approaches},
	volume = {130},
	shorttitle = {Finding elliptic Fekete points sets},
	number = {1-2},
	journal = {Journal of computational and applied mathematics},
	author = {W. {J.H} Stortelder and J. {J.B} de Swart and J. D Pintér},
	year = {2001},
	pages = {205-216}
},

@article{turing_chemical_1952,
	title = {The chemical theory of morphogenesis},
	volume = {237},
	journal = {Phil. Trans. Roy. Soc},
	author = {A. M. Turing},
	year = {1952},
	pages = {32}
},

@article{varea_confined_1997,
	title = {Confined Turing patterns in growing systems},
	volume = {56},
	journal = {Physical Review E},
	author = {C. Varea and J. L. Arag\'{o}n and R. A. Barrio},
	year = {1997},
	pages = {1250-1253}
},

@article{varea_turing_1999,
	title = {Turing patterns on a sphere},
	volume = {60},
	journal = {Physical Review E},
	author = {C. Varea and J. L. Arag\'{o}n and R. A. Barrio},
	year = {1999},
	pages = {4588-4592}
},

@article{weaver_diffusion-mediated_1983,
	title = {Diffusion-mediated localization on membrane surfaces},
	volume = {41},
	number = {1},
	journal = {Biophysical Journal},
	author = {D. L. Weaver},
	year = {1983},
	pages = {81-86}
},

@article{yochelis_formation_2008,
	title = {The formation of labyrinths, spots and stripe patterns in a biochemical approach to cardiovascular calcification},
	volume = {10},
	journal = {New Journal of Physics},
	author = {A. Yochelis and Y. Tintut and L. L. Demer and A. Garfinkel},
	year = {2008},
	pages = {055002}
},
